<record><leader>00000cas a2200000 a 4500</leader><controlfield tag="001">20920906</controlfield><controlfield tag="008">900118d18uu1927iluwr ne      0   a0ger c</controlfield><datafield ind1=" " ind2=" " tag="010"><subfield code="a">sn 90054506 </subfield></datafield><datafield ind1=" " ind2=" " tag="040"><subfield code="a">NVF</subfield><subfield code="b">eng</subfield><subfield code="c">NVF</subfield><subfield code="d">MQN</subfield><subfield code="d">NVF</subfield><subfield code="d">OCL</subfield><subfield code="d">NVF</subfield><subfield code="d">OCLCQ</subfield><subfield code="d">NVF</subfield><subfield code="d">OCLCQ</subfield><subfield code="d">NVF</subfield><subfield code="d">OCLCF</subfield><subfield code="d">NVF</subfield><subfield code="d">OCLCO</subfield></datafield><datafield ind1="1" ind2=" " tag="029"><subfield code="a">AU@</subfield><subfield code="b">000020225090</subfield></datafield><datafield ind1="0" ind2=" " tag="041"><subfield code="a">ger</subfield><subfield code="a">eng</subfield></datafield><datafield ind1=" " ind2=" " tag="042"><subfield code="a">pcc</subfield></datafield><datafield ind1=" " ind2=" " tag="043"><subfield code="a">n-us-il</subfield></datafield><datafield ind1="0" ind2=" " tag="130"><subfield code="a">Bloomington journal (Bloomington, Ill. : 1886)</subfield></datafield><datafield ind1="1" ind2="0" tag="245"><subfield code="a">Bloomington journal.</subfield></datafield><datafield ind1=" " ind2=" " tag="260"><subfield code="a">Bloomington, Ill. :</subfield><subfield code="b">H. Reuer</subfield></datafield><datafield ind1=" " ind2=" " tag="300"><subfield code="a">v.</subfield></datafield><datafield ind1=" " ind2=" " tag="310"><subfield code="a">Weekly</subfield></datafield><datafield ind1="0" ind2=" " tag="362"><subfield code="a">-48. Jahrg., Nr. 1 (7 Jan. 1927).</subfield></datafield><datafield ind1=" " ind2=" " tag="546"><subfield code="a">In German.</subfield></datafield><datafield ind1=" " ind2=" " tag="546"><subfield code="a">In English, &lt;June 1, 1917&gt;; Apr. 12, 1918-Sept. 19, 1919.</subfield></datafield><datafield ind1=" " ind2=" " tag="580"><subfield code="a">Merged with: Central Illinois wochenblatt, to form: Illinois wochenblatt-journal.</subfield></datafield><datafield ind1=" " ind2=" " tag="588"><subfield code="a">Description based on: 9. Jahrg., Nr. 10 (10 Juli 1886).</subfield></datafield><datafield ind1=" " ind2="0" tag="650"><subfield code="a">Germans</subfield><subfield code="z">Illinois</subfield><subfield code="z">Bloomington</subfield><subfield code="v">Newspapers.</subfield></datafield><datafield ind1=" " ind2="0" tag="650"><subfield code="a">German Americans</subfield><subfield code="z">Illinois</subfield><subfield code="z">Bloomington</subfield><subfield code="v">Newspapers.</subfield></datafield><datafield ind1=" " ind2="0" tag="651"><subfield code="a">Bloomington (Ill.)</subfield><subfield code="v">Newspapers.</subfield></datafield><datafield ind1=" " ind2="7" tag="650"><subfield code="a">German Americans.</subfield><subfield code="2">fast</subfield><subfield code="0">(OCoLC)fst00941308</subfield></datafield><datafield ind1=" " ind2="7" tag="650"><subfield code="a">Germans.</subfield><subfield code="2">fast</subfield><subfield code="0">(OCoLC)fst00942100</subfield></datafield><datafield ind1=" " ind2="7" tag="651"><subfield code="a">Illinois</subfield><subfield code="z">Bloomington.</subfield><subfield code="2">fast</subfield><subfield code="0">(OCoLC)fst01205022</subfield></datafield><datafield ind1=" " ind2="7" tag="655"><subfield code="a">Newspapers.</subfield><subfield code="2">fast</subfield><subfield code="0">(OCoLC)fst01423814</subfield></datafield><datafield ind1=" " ind2=" " tag="752"><subfield code="a">United States</subfield><subfield code="b">Illinois</subfield><subfield code="c">McLean</subfield><subfield code="d">Bloomington.</subfield></datafield><datafield ind1="1" ind2="7" tag="785"><subfield code="t">Central Illinois wochenblatt</subfield><subfield code="w">(DLC)sn 83045008</subfield><subfield code="w">(OCoLC)9274853</subfield></datafield><datafield ind1="1" ind2="7" tag="785"><subfield code="t">Illinois wochenblatt-journal</subfield><subfield code="w">(DLC)sn 90054511</subfield><subfield code="w">(OCoLC)20921402</subfield></datafield></record>